@article{Holt2005,
author = {Holt, Robert D. and Keitt, Timothy H.},
doi = {10.1111/j.0030-1299.2005.13145.x},
journal = {Oikos},
month = {1},
number = {1},
pages = {3--6},
publisher = {John Wiley {\&} Sons, Ltd},
title = {{Species' borders: a unifying theme in ecology}},
url = {http://doi.wiley.com/10.1111/j.0030-1299.2005.13145.x},
volume = {108},
year = {2005}
}
@article{Godsoe2017,
author = {Godsoe, William and Jankowski, Jill and Holt, Robert D. and Gravel, Dominique},
doi = {10.1016/j.tree.2017.03.008},
journal = {Trends in Ecology {\&} Evolution},
month = {5},
number = {7},
pages = {159--167},
publisher = {The University of Chicago Press},
title = {{Integrating Biogeography with Contemporary Niche Theory}},
url = {http://www.ncbi.nlm.nih.gov/pubmed/28477957 http://linkinghub.elsevier.com/retrieve/pii/S0169534717300836},
volume = {33},
year = {2017}
}
@article{Merow2014,
author = {Merow, Cory and Latimer, Andrew M. and Wilson, Adam M. and Mcmahon, Sean M. and Rebelo, Anthony G. and Silander, John A.},
doi = {10.1111/ecog.00839},
journal = {Ecography},
month = {7},
number = {12},
pages = {n/a--n/a},
title = {{On using integral projection models to generate demographically driven predictions of species' distributions: Development and validation using sparse data}},
url = {http://doi.wiley.com/10.1111/ecog.00839},
volume = {37},
year = {2014}
}
@article{Lee-Yaw2016,
author = {Lee-Yaw, Julie A. and Kharouba, Heather M. and Bontrager, Megan and Mahony, Colin and Csergő, Anna M{\'{a}}ria and Noreen, Annika M.E. and Li, Qin and Schuster, Richard and Angert, Amy L.},
doi = {10.1111/ele.12604},
editor = {Gomez, Jos{\'{e}} Mar{\`{i}}a},
journal = {Ecology Letters},
month = {6},
number = {6},
pages = {710--722},
publisher = {Wiley/Blackwell (10.1111)},
title = {{A synthesis of transplant experiments and ecological niche models suggests that range limits are often niche limits}},
url = {http://doi.wiley.com/10.1111/ele.12604},
volume = {19},
year = {2016}
}
@article{Brown2014,
author = {Brown, C. D. and Vellend, M.},
doi = {10.1098/rspb.2014.1779},
journal = {Proceedings of the Royal Society B: Biological Sciences},
month = {9},
number = {1794},
pages = {20141779--20141779},
publisher = {
The Royal Society
},
title = {{Non-climatic constraints on upper elevational plant range expansion under climate change}},
url = {http://rspb.royalsocietypublishing.org/cgi/doi/10.1098/rspb.2014.1779},
volume = {281},
year = {2014}
}
@article{Diekmann1990,
author = {Diekmann, O. and Heesterbeek, J.A.P. and Metz, J.A.J.},
doi = {10.1007/BF00178324},
journal = {Journal of Mathematical Biology},
month = {6},
number = {4},
pages = {365--382},
publisher = {Springer},
title = {{On the definition and the computation of the basic reproduction ratio R 0 in models for infectious diseases in heterogeneous populations}},
url = {http://link.springer.com/10.1007/BF00178324},
volume = {28},
year = {1990}
}
@article{Lischke1998,
author = {Lischke, Heike and L{\"{o}}ffler, Thomas J. and Fischlin, Andreas},
doi = {10.1006/TPBI.1998.1378},
journal = {Theoretical Population Biology},
month = {12},
number = {3},
pages = {213--226},
publisher = {Academic Press},
title = {{Aggregation of Individual Trees and Patches in Forest Succession Models: Capturing Variability with Height Structured, Random, Spatial Distributions}},
url = {https://www.sciencedirect.com/science/article/pii/S0040580998913788?via{\%}3Dihub},
volume = {54},
year = {1998}
}
@incollection{DeRoos1997,
address = {Boston, MA},
author = {de Roos, Andr{\'{e}} M.},
booktitle = {Structured-Population Models in Marine, Terrestrial, and Freshwater Systems},
chapter = {5},
doi = {10.1007/978-1-4615-5973-3_5},
editor = {Tuljapurkar, Shripad and Caswell, Hal},
pages = {119--204},
publisher = {Springer US},
title = {{A Gentle Introduction to Physiologically Structured Population Models}},
url = {http://link.springer.com/10.1007/978-1-4615-5973-3{\_}5},
year = {1997}
}
@article{Feurdean2013,
author = {Feurdean, Angelica and Bhagwat, Shonil A and Willis, Katherine J and Birks, H John B and Lischke, Heike and Hickler, Thomas},
doi = {10.1371/journal.pone.0071797},
journal = {PloS one},
month = {1},
number = {8},
pages = {e71797},
publisher = {Public Library of Science},
title = {{Tree migration-rates: narrowing the gap between inferred post-glacial rates and projected rates.}},
url = {http://journals.plos.org/plosone/article?id=10.1371/journal.pone.0071797},
volume = {8},
year = {2013}
}
@article{Snyder2018,
author = {Snyder, Robin E and Ellner, Stephen P},
doi = {10.1086/696125},
journal = {The American naturalist},
month = {4},
number = {4},
pages = {E90--E107},
publisher = {University of Chicago PressChicago, IL},
title = {{Pluck or Luck: Does Trait Variation or Chance Drive Variation in Lifetime Reproductive Success?}},
url = {https://www.journals.uchicago.edu/doi/10.1086/696125 http://www.ncbi.nlm.nih.gov/pubmed/29570408},
volume = {191},
year = {2018}
}
@misc{Prasad2003,
author = {Prasad, Anantha M. and Iverson, Louis R.},
booktitle = {Northeastern Research Station, USDA Forest Service, Delaware, Ohio},
mendeley-tags = {Little,Little 1971,Little1971,little1971},
title = {{Little's range and FIA importance value database for 135 eastern US tree species}},
url = {http://www.fs.fed.us/ne/delaware/4153/global/littlefia/index.html},
year = {2003}
}
@incollection{Olver2014b,
author = {Olver, Peter J.},
booktitle = {Introduction to Partial Differential Equations},
chapter = {2},
doi = {10.1007/978-3-319-02099-0_2},
pages = {15--62},
publisher = {Springer, Cham},
title = {{Linear and Nonlinear Waves}},
url = {http://link.springer.com/10.1007/978-3-319-02099-0{\_}2},
year = {2014}
}
@book{Little1971,
address = {Washington, D.C. :},
author = {Little, Elbert Luther},
doi = {10.5962/bhl.title.130546},
pages = {1--345},
publisher = {Washington, D.C. :U.S. Dept. of Agriculture, Forest Service},
title = {{Atlas of United States trees. Volume 1, Conifers and important hardwoods}},
url = {https://www.biodiversitylibrary.org/item/225461},
year = {1971}
}
@article{Nlungu-Kweta2017,
author = {Nlungu-Kweta, Pierre and Leduc, Alain and Bergeron, Yves},
doi = {10.1093/forestry/cpw026},
journal = {Forestry},
month = {1},
number = {1},
pages = {70--81},
publisher = {Oxford Academic},
title = {{Climate and disturbance regime effects on aspen ( {\textless}i{\textgreater}Populus tremuloides{\textless}/i{\textgreater} Michx.) stand structure and composition along an east–west transect in Canada's boreal forest}},
url = {https://academic.oup.com/forestry/article-lookup/doi/10.1093/forestry/cpw026},
volume = {90},
year = {2017}
}
@article{Hutchinson1957,
author = {Hutchinson, G. E.},
doi = {10.1101/SQB.1957.022.01.039},
journal = {Cold Spring Harbor Symposia on Quantitative Biology},
month = {1},
number = {0},
pages = {415--427},
publisher = {Cold Spring Harbor Laboratory Press},
title = {{Concluding Remarks}},
url = {http://symposium.cshlp.org/cgi/doi/10.1101/SQB.1957.022.01.039},
volume = {22},
year = {1957}
}
@article{Aussenac2019,
author = {Aussenac, Rapha{\"{e}}l and Bergeron, Yves and Gravel, Dominique and Drobyshev, Igor},
doi = {10.1111/1365-2435.13257},
editor = {Baltzer, Jennifer},
journal = {Functional Ecology},
month = {2},
number = {2},
pages = {360--367},
title = {{Interactions among trees: A key element in the stabilising effect of species diversity on forest growth}},
url = {https://onlinelibrary.wiley.com/doi/abs/10.1111/1365-2435.13257},
volume = {33},
year = {2019}
}
@article{Serrano2015,
author = {Serrano, Helena C. and Antunes, Cristina and Pinto, Manuel J. and M{\'{a}}guas, Cristina and Martins-Lou{\c{c}}{\~{a}}o, Maria Am{\'{e}}lia and Branquinho, Cristina},
doi = {10.1093/jpe/rtu007},
journal = {Journal of Plant Ecology},
month = {2},
number = {1},
pages = {41--50},
publisher = {Narnia},
title = {{The ecological performance of metallophyte plants thriving in geochemical islands is explained by the Inclusive Niche Hypothesis}},
url = {https://academic.oup.com/jpe/article-lookup/doi/10.1093/jpe/rtu007},
volume = {8},
year = {2015}
}
@article{Boisvert-Marsh2019,
author = {Boisvert-Marsh, Laura and P{\'{e}}ri{\'{e}}, Catherine and de Blois, Sylvie},
doi = {10.1111/1365-2745.13149},
editor = {Bellingham, Peter},
journal = {Journal of Ecology},
month = {3},
publisher = {John Wiley {\&} Sons, Ltd (10.1111)},
title = {{Divergent responses to climate change and disturbance drive recruitment patterns underlying latitudinal shifts of tree species}},
url = {http://doi.wiley.com/10.1111/1365-2745.13149},
year = {2019}
}
@article{McGill2012,
author = {McGill, B. J.},
doi = {10.1093/jpe/rtr036},
journal = {Journal of Plant Ecology},
month = {3},
number = {1},
pages = {46--51},
publisher = {Narnia},
title = {{Trees are rarely most abundant where they grow best}},
url = {https://academic.oup.com/jpe/article-lookup/doi/10.1093/jpe/rtr036},
volume = {5},
year = {2012}
}
@article{Larson2010,
author = {Larson, Andrew J. and Franklin, Jerry F.},
doi = {10.1139/X10-149},
journal = {Canadian Journal of Forest Research},
month = {11},
number = {11},
pages = {2091--2103},
title = {{The tree mortality regime in temperate old-growth coniferous forests: the role of physical damage}},
url = {http://www.nrcresearchpress.com/doi/10.1139/X10-149},
volume = {40},
year = {2010}
}
@article{Brown2004,
author = {Brown, James H. and Gillooly, James F. and Allen, Andrew P. and Savage, Van M. and West, Geoffrey B.},
doi = {10.1890/03-9000},
journal = {Ecology},
month = {7},
number = {7},
pages = {1771--1789},
publisher = {John Wiley {\&} Sons, Ltd},
title = {{TOWARD A METABOLIC THEORY OF ECOLOGY}},
url = {http://doi.wiley.com/10.1890/03-9000},
volume = {85},
year = {2004}
}
@article{Purves2008,
author = {Purves, Drew W. and Lichstein, Jeremy W. and Strigul, Nikolay and Pacala, Stephen W.},
doi = {10.1073/pnas.0807754105},
journal = {Proceedings of the National Academy of Sciences of the United States of America},
month = {11},
number = {44},
pages = {17018--22},
title = {{Predicting and understanding forest dynamics using a simple tractable model.}},
url = {http://www.pnas.org/content/105/44/17018.abstract},
volume = {105},
year = {2008}
}
@article{Hooten2015,
author = {Hooten, M. B. and Hobbs, N. T.},
doi = {10.1890/14-0661.1},
journal = {Ecological Monographs},
month = {2},
number = {1},
pages = {3--28},
publisher = {Ecological Society of America},
title = {{A guide to Bayesian model selection for ecologists}},
url = {http://onlinelibrary.wiley.com/doi/10.1890/14-0661.1/abstract},
volume = {85},
year = {2015}
}
@article{Valdez2019,
author = {Valdez, Jose W. and Hartig, Florian and Fennel, Sabine and Poschlod, Peter},
doi = {10.3389/fpls.2019.00088},
journal = {Frontiers in Plant Science},
month = {2},
pages = {88},
publisher = {Frontiers},
title = {{The Recruitment Niche Predicts Plant Community Assembly Across a Hydrological Gradient Along Plowed and Undisturbed Transects in a Former Agricultural Wetland}},
url = {https://www.frontiersin.org/article/10.3389/fpls.2019.00088/full},
volume = {10},
year = {2019}
}
@article{Aussenac2017,
author = {Aussenac, Rapha{\"{e}}l and Bergeron, Yves and {Ghotsa Mekontchou}, Claudele and Gravel, Dominique and Pilch, Kamil and Drobyshev, Igor},
doi = {10.1111/1365-2745.12728},
editor = {Hector, Andrew},
journal = {Journal of Ecology},
month = {7},
number = {4},
pages = {1010--1020},
title = {{Intraspecific variability in growth response to environmental fluctuations modulates the stabilizing effect of species diversity on forest growth}},
url = {http://doi.wiley.com/10.1111/1365-2745.12728},
volume = {105},
year = {2017}
}
@article{Pacala1996,
author = {Pacala, Stephen W. and Canham, Charles D. and Saponara, John and Jr., John A Silander and Kobe, Richard K. and Ribbens, Eric},
doi = {10.2307/2963479},
journal = {Ecological Monographs},
month = {2},
number = {1},
pages = {1},
title = {{Forest Models Defined by Field Measurements: Estimation, Error Analysis and Dynamics}},
url = {http://www.jstor.org/stable/2963479?origin=crossref},
volume = {66},
year = {1996}
}
@article{Solarik2019,
author = {Solarik, Kevin A. and Cazelles, Kevin and Messier, Christian and Bergeron, Yves and Gravel, Dominique},
doi = {10.1111/1365-2745.13311},
editor = {Gilliam, Frank},
journal = {Journal of Ecology},
month = {5},
number = {3},
pages = {1155--1173},
publisher = {John Wiley {\&} Sons, Ltd (10.1111)},
title = {{Priority effects will impede range shifts of temperate tree species into the boreal forest}},
url = {https://onlinelibrary.wiley.com/doi/abs/10.1111/1365-2745.13311},
volume = {108},
year = {2020}
}
@article{Pagel2020,
author = {Pagel, J{\"{o}}rn and Treurnicht, Martina and Bond, William J and Kraaij, Tineke and Nottebrock, Henning and Schutte-Vlok, AnneLise and Tonnabel, Jeanne and Esler, Karen J and Schurr, Frank M},
doi = {10.1073/pnas.1908684117},
journal = {Proceedings of the National Academy of Sciences},
month = {2},
number = {7},
pages = {3663--3669},
publisher = {National Academy of Sciences},
title = {{Mismatches between demographic niches and geographic distributions are strongest in poorly dispersed and highly persistent plant species}},
url = {http://www.pnas.org/lookup/doi/10.1073/pnas.1908684117},
volume = {117},
year = {2020}
}
@article{Holt2020,
author = {Holt, Robert D.},
doi = {10.1111/ecog.04828},
journal = {Ecography},
month = {3},
number = {3},
pages = {387--390},
publisher = {John Wiley {\&} Sons, Ltd},
title = {{Reflections on niches and numbers}},
url = {https://onlinelibrary.wiley.com/doi/abs/10.1111/ecog.04828},
volume = {43},
year = {2020}
}
@article{Csergo2017,
author = {Csergő, Anna M. and Salguero-G{\'{o}}mez, Roberto and Broennimann, Olivier and Coutts, Shaun R. and Guisan, Antoine and Angert, Amy L. and Welk, Erik and Stott, Iain and Enquist, Brian J. and McGill, Brian and Svenning, Jens-Christian and Violle, Cyrille and Buckley, Yvonne M.},
doi = {10.1111/ele.12794},
editor = {Gurevitch, Jessica},
journal = {Ecology Letters},
month = {8},
number = {8},
pages = {969--980},
title = {{Less favourable climates constrain demographic strategies in plants}},
url = {http://doi.wiley.com/10.1111/ele.12794},
volume = {20},
year = {2017}
}
@article{Pacala1993,
author = {Pacala, Stephen W. and Canham, Charles D. and {Silander Jr.}, J. A.},
doi = {10.1139/x93-249},
journal = {Canadian Journal of Forest Research},
month = {10},
number = {10},
pages = {1980--1988},
publisher = {NRC Research Press Ottawa, Canada},
title = {{Forest models defined by field measurements: I. The design of a northeastern forest simulator}},
url = {http://www.nrcresearchpress.com/doi/abs/10.1139/x93-249{\#}.VTVYjuSLe1F http://www.nrcresearchpress.com/doi/abs/10.1139/x93-249},
volume = {23},
year = {1993}
}
@article{Zhang2015,
author = {Zhang, Jian and Huang, Shongming and He, Fangliang},
doi = {10.1073/pnas.1420844112},
journal = {Proceedings of the National Academy of Sciences},
month = {3},
number = {13},
pages = {4009--4014},
title = {{Half-century evidence from western Canada shows forest dynamics are primarily driven by competition followed by climate}},
url = {http://www.pnas.org/content/112/13/4009.abstract.html?etoc http://www.pnas.org/lookup/doi/10.1073/pnas.1420844112},
volume = {112},
year = {2015}
}
@article{Yenni2012,
author = {Yenni, Glenda and Adler, Peter B. and Ernest, S. K. Morgan},
doi = {10.1890/11-1087.1},
journal = {Ecology},
month = {3},
number = {3},
pages = {456--461},
publisher = {Wiley-Blackwell},
title = {{Strong self-limitation promotes the persistence of rare species}},
url = {http://doi.wiley.com/10.1890/11-1087.1},
volume = {93},
year = {2012}
}
@article{Dybzinski2011,
author = {Dybzinski, Ray and Farrior, Caroline and Wolf, Adam and Reich, Peter B and Pacala, Stephen W},
doi = {10.1086/657992},
journal = {The American naturalist},
month = {2},
number = {2},
pages = {153--66},
publisher = {University of Chicago PressChicago, IL},
title = {{Evolutionarily stable strategy carbon allocation to foliage, wood, and fine roots in trees competing for light and nitrogen: an analytically tractable, individual-based model and quantitative comparisons to data.}},
url = {https://www.journals.uchicago.edu/doi/10.1086/657992},
volume = {177},
year = {2011}
}
@article{Kunstler2019,
author = {Kunstler, Georges and Guyennon, Arnaud and Ratcliffe, Sophia and R{\"{u}}ger, Nadja and Ruiz-Benito, Paloma and Childs, Dylan Z. and Dahlgren, Jonas and Lehtonen, Aleksi and Thuiller, Wilfried and Wirth, Christian and Zavala, Miguel A. and Salguero-Gomez, Roberto},
doi = {10.1101/801084},
journal = {bioRxiv},
month = {10},
pages = {801084},
publisher = {Cold Spring Harbor Laboratory},
title = {{‘Tree demographic performance of European tree species at their hot and cold edges.'}},
year = {2019}
}
@article{Ritter1987,
author = {Ritter, Paul},
journal = {Photogrammetric engineering and remote sensing},
number = {8},
pages = {pp. 1109--1111},
title = {{A Vector-Based Slope and Aspect Generation Algorithm}},
url = {https://www.asprs.org/wp-content/uploads/pers/1987journal/aug/1987{\_}aug{\_}1109-1111.pdf},
volume = {53},
year = {1987}
}
@article{Ruger2020,
author = {R{\"{u}}ger, Nadja and Condit, Richard and Dent, Daisy H. and DeWalt, Saara J. and Hubbell, Stephen P. and Lichstein, Jeremy W. and Lopez, Omar R. and Wirth, Christian and Farrior, Caroline E.},
doi = {10.1126/SCIENCE.AAZ4797},
journal = {Science},
month = {4},
number = {6487},
pages = {165--168},
publisher = {American Association for the Advancement of Science},
title = {{Demographic trade-offs predict tropical forest dynamics}},
url = {https://science.sciencemag.org/content/368/6487/165?utm{\_}campaign=toc{\_}sci-mag{\_}2020-04-09{\&}et{\_}rid=17166918{\&}et{\_}cid=3280482},
volume = {368},
year = {2020}
}
@article{Zuur2010,
author = {Zuur, Alain F. and Ieno, Elena N. and Elphick, Chris S.},
doi = {10.1111/j.2041-210X.2009.00001.x},
journal = {Methods in Ecology and Evolution},
month = {3},
number = {1},
pages = {3--14},
publisher = {Wiley/Blackwell (10.1111)},
title = {{A protocol for data exploration to avoid common statistical problems}},
url = {http://doi.wiley.com/10.1111/j.2041-210X.2009.00001.x},
volume = {1},
year = {2010}
}
@article{Talluto2017a,
author = {Talluto, Matthew V. and Boulangeat, Isabelle and Vissault, Steve and Thuiller, Wilfried and Gravel, Dominique},
doi = {10.1038/s41559-017-0182},
journal = {Nature Ecology {\&} Evolution},
month = {7},
number = {7},
pages = {0182},
title = {{Extinction debt and colonization credit delay range shifts of eastern North American trees}},
url = {http://www.nature.com/articles/s41559-017-0182},
volume = {1},
year = {2017}
}
@article{Nathan2002,
author = {Nathan, Ran and Katul, Gabriel G. and Horn, Henry S. and Thomas, Suvi M. and Oren, Ram and Avissar, Roni and Pacala, Stephen W. and Levin, Simon A.},
doi = {10.1038/nature00844},
journal = {Nature},
month = {7},
number = {6896},
pages = {409--413},
title = {{Mechanisms of long-distance dispersal of seeds by wind.}},
url = {http://dx.doi.org/10.1038/nature00844},
volume = {418},
year = {2002}
}
@article{CLARK2011,
author = {Clark, James S. and Bell, David M. and Hersh, Michelle H. and Nichols, Lauren},
doi = {10.1111/j.1365-2486.2010.02380.x},
journal = {Global Change Biology},
month = {5},
number = {5},
pages = {1834--1849},
publisher = {John Wiley {\&} Sons, Ltd (10.1111)},
title = {{Climate change vulnerability of forest biodiversity: climate and competition tracking of demographic rates}},
url = {http://doi.wiley.com/10.1111/j.1365-2486.2010.02380.x},
volume = {17},
year = {2011}
}
@article{Isaac2020,
author = {Isaac, Nick J.B. and Jarzyna, Marta A and Keil, Petr and Dambly, Lea I and Boersch-Supan, Philipp H and Browning, Ella and Freeman, Stephen N and Golding, Nick and Guillera-Arroita, Gurutzeta and Henrys, Peter A and Jarvis, Susan and Lahoz-Monfort, Jos{\'{e}} and Pagel, J{\"{o}}rn and Pescott, Oliver L and Schmucki, Reto and Simmonds, Emily G and O'Hara, Robert B.},
doi = {10.1016/j.tree.2019.08.006},
journal = {Trends in Ecology {\&} Evolution},
month = {1},
number = {1},
pages = {56--67},
publisher = {Elsevier},
title = {{Data Integration for Large-Scale Models of Species Distributions}},
url = {https://linkinghub.elsevier.com/retrieve/pii/S0169534719302551},
volume = {35},
year = {2020}
}
@article{Gray2012,
author = {Gray, Andrew and Brandeis, Thomas and Shaw, John and McWilliams, William and Miles, Patrick},
doi = {10.7809/b-e.00079},
journal = {Biodiversity {\&} Ecology},
month = {9},
pages = {225--231},
title = {{Forest Inventory and Analysis Database of the United States of America (FIA)}},
url = {http://www.biodiversity-plants.de/biodivers{\_}ecol/article{\_}meta.php?DOI=10.7809/b-e.00079},
volume = {4},
year = {2012}
}
@article{Gelman2018,
author = {Gelman, Andrew and Goodrich, Ben and Gabry, Jonah and Vehtari, Aki},
doi = {10.1080/00031305.2018.1549100},
journal = {The American Statistician},
month = {12},
pages = {1--7},
publisher = {Taylor {\&} Francis},
title = {{R-squared for Bayesian Regression Models}},
url = {https://www.tandfonline.com/doi/full/10.1080/00031305.2018.1549100},
year = {2018}
}
@article{Holt2009,
author = {Holt, Robert D},
doi = {10.1073/pnas.0905137106},
journal = {Proceedings of the National Academy of Sciences},
month = {11},
number = {Supplement{\_}2},
pages = {19659--19665},
title = {{Bringing the Hutchinsonian niche into the 21st century: Ecological and evolutionary perspectives}},
url = {http://www.pnas.org/content/106/Supplement{\_}2/19659.short http://www.ncbi.nlm.nih.gov/pubmed/19903876 http://www.pnas.org/cgi/doi/10.1073/pnas.0905137106},
volume = {106},
year = {2009}
}
@book{Burns1990,
author = {Burns, Russell M. and Honkala, Barbara H.},
publisher = {U.S. Department of Agriculture, Forest Service},
title = {{Silvics of North America: Conifers}},
url = {www.fs.usda.gov/treesearch/pubs/1547},
year = {1990}
}
@article{Bohner2019,
author = {Bohner, Teresa and Diez, Jeffrey},
doi = {10.1111/ele.13396},
editor = {Coulson, Tim},
journal = {Ecology Letters},
month = {10},
pages = {ele.13396},
publisher = {John Wiley {\&} Sons, Ltd (10.1111)},
title = {{Extensive mismatches between species distributions and performance and their relationship to functional traits}},
url = {https://onlinelibrary.wiley.com/doi/abs/10.1111/ele.13396},
year = {2019}
}
@article{Urban2016,
author = {Urban, M. C. and Bocedi, G. and Hendry, A. P. and Mihoub, J.- B. and Peer, G. and Singer, A. and Bridle, J. R. and Crozier, L. G. and {De Meester}, L. and Godsoe, W. and Gonzalez, A. and Hellmann, J. J. and Holt, R. D. and Huth, A. and Johst, K. and Krug, C. B. and Leadley, P. W. and Palmer, S. C. F. and Pantel, J. H. and Schmitz, A. and Zollner, P. A. and Travis, J. M. J.},
doi = {10.1126/science.aad8466},
journal = {Science},
month = {9},
number = {6304},
pages = {aad8466--aad8466},
publisher = {American Association for the Advancement of Science},
title = {{Improving the forecast for biodiversity under climate change}},
url = {https://www.sciencemag.org/lookup/doi/10.1126/science.aad8466},
volume = {353},
year = {2016}
}
@article{Clark2003b,
author = {Clark, James S.},
doi = {10.1890/0012-9658(2003)084[1370:UAVIDA]2.0.CO;2},
journal = {Ecology},
month = {6},
number = {6},
pages = {1370--1381},
publisher = {Wiley-Blackwell},
title = {{Uncertainty and variability in demography and population growth: a hierarchical approach}},
url = {https://esajournals.onlinelibrary.wiley.com/doi/abs/10.1890/0012-9658(2003)084{\%}5B1370:UAVIDA{\%}5D2.0.CO{\%}3B2},
volume = {84},
year = {2003}
}
@article{Clark2011,
author = {Clark, James S. and Bell, David M. and Hersh, Michelle H. and Kwit, Matthew C. and Moran, Emily and Salk, Carl and Stine, Anne and Valle, Denis and Zhu, Kai},
doi = {10.1111/j.1461-0248.2011.01685.x},
journal = {Ecology Letters},
month = {12},
number = {12},
pages = {1273--1287},
publisher = {John Wiley {\&} Sons, Ltd (10.1111)},
title = {{Individual-scale variation, species-scale differences: inference needed to understand diversity}},
url = {http://doi.wiley.com/10.1111/j.1461-0248.2011.01685.x},
volume = {14},
year = {2011}
}
@article{Purves2007,
author = {Purves, Drew W. and Lichstein, Jeremy W. and Pacala, Stephen W.},
doi = {10.1371/journal.pone.0000870},
editor = {Rees, Mark},
journal = {PloS one},
month = {1},
number = {9},
pages = {e870},
publisher = {Public Library of Science},
title = {{Crown plasticity and competition for canopy space: a new spatially implicit model parameterized for 250 North American tree species.}},
url = {http://dx.plos.org/10.1371/journal.pone.0000870 http://www.pubmedcentral.nih.gov/articlerender.fcgi?artid=1964803{\&}tool=pmcentrez{\&}rendertype=abstract},
volume = {2},
year = {2007}
}
@article{Maguire1973,
author = {Maguire, Bassett},
doi = {10.1086/282827},
journal = {The American Naturalist},
month = {3},
number = {954},
pages = {213--246},
title = {{Niche Response Structure and the Analytical Potentials of Its Relationship to the Habitat}},
url = {https://www.journals.uchicago.edu/doi/10.1086/282827},
volume = {107},
year = {1973}
}
@article{Tjur2009,
author = {Tjur, Tue},
doi = {10.1198/tast.2009.08210},
journal = {The American Statistician},
month = {11},
number = {4},
pages = {366--372},
publisher = {Taylor {\&} Francis},
title = {{Coefficients of Determination in Logistic Regression Models—A New Proposal: The Coefficient of Discrimination}},
url = {http://www.tandfonline.com/doi/abs/10.1198/tast.2009.08210},
volume = {63},
year = {2009}
}
@article{Thuiller2014,
author = {Thuiller, Wilfried and M{\"{u}}nkem{\"{u}}ller, Tamara and Schiffers, Katja H and Georges, Damien and Dullinger, Stefan and Eckhart, Vincent M and Edwards, Thomas C and Gravel, Dominique and Kunstler, Georges and Merow, Cory and Moore, Kara and Piedallu, Christian and Vissault, Steve and Zimmermann, Niklaus E and Zurell, Damaris and Schurr, Frank M},
doi = {10.1111/ecog.00836},
journal = {Ecography},
month = {12},
number = {12},
pages = {1155--1166},
title = {{Does probability of occurrence relate to population dynamics?}},
url = {http://www.pubmedcentral.nih.gov/articlerender.fcgi?artid=4338510{\&}tool=pmcentrez{\&}rendertype=abstract},
volume = {37},
year = {2014}
}
@article{Vindenes2012,
author = {Vindenes, Yngvild and S{\ae}ther, Bernt-Erik and Engen, Steinar},
doi = {10.1016/J.TPB.2011.10.002},
journal = {Theoretical Population Biology},
month = {12},
number = {4},
pages = {253--263},
publisher = {Academic Press},
title = {{Effects of demographic structure on key properties of stochastic density-independent population dynamics}},
url = {https://www.sciencedirect.com/science/article/pii/S0040580911000888?via{\%}3Dihub},
volume = {82},
year = {2012}
}
@book{Burns1990a,
address = {Washington, DC},
author = {Burns, Russell M. and Honkala, Barbara H.},
publisher = {U.S. Department of Agriculture, Forest Service},
title = {{Silvics of North America: Hardwoods}},
url = {www.fs.usda.gov/treesearch/pubs/1548},
year = {1990}
}
@article{Gelman1992,
author = {Gelman, Andrew and Rubin, Donald B.},
doi = {10.1214/ss/1177011136},
journal = {Statistical Science},
number = {4},
pages = {457--472},
publisher = {Institute of Mathematical Statistics},
title = {{Inference from iterative simulation using multiple sequences}},
volume = {7},
year = {1992}
}
@article{Farrior2013,
author = {Farrior, Caroline E and Dybzinski, Ray and Levin, Simon A and Pacala, Stephen W},
doi = {10.1086/669153},
journal = {The American Naturalist},
month = {3},
number = {3},
pages = {314--330},
publisher = {University of Chicago Press Chicago, IL},
title = {{Competition for Water and Light in Closed-Canopy Forests: A Tractable Model of Carbon Allocation with Implications for Carbon Sinks}},
url = {https://www.journals.uchicago.edu/doi/10.1086/669153},
volume = {181},
year = {2013}
}
@article{Pagel2012,
author = {Pagel, J{\"{o}}rn and Schurr, Frank M.},
doi = {10.1111/j.1466-8238.2011.00663.x},
journal = {Global Ecology and Biogeography},
month = {2},
number = {2},
pages = {293--304},
publisher = {Blackwell Publishing Ltd},
title = {{Forecasting species ranges by statistical estimation of ecological niches and spatial population dynamics}},
url = {http://doi.wiley.com/10.1111/j.1466-8238.2011.00663.x},
volume = {21},
year = {2012}
}
@article{Solarik2016,
author = {Solarik, Kevin A. and Gravel, Dominique and Ameztegui, Aitor and Bergeron, Yves and Messier, Christian},
doi = {10.1017/S0960258516000040},
journal = {Seed Science Research},
month = {6},
number = {2},
pages = {153--164},
publisher = {Cambridge University Press},
title = {{Assessing tree germination resilience to global warming: a manipulative experiment using sugar maple ( Acer saccharum )}},
url = {http://journals.cambridge.org/abstract{\_}S0960258516000040 https://www.cambridge.org/core/product/identifier/S0960258516000040/type/journal{\_}article},
volume = {26},
year = {2016}
}
@article{Feng2018,
author = {Feng, Jiayi and Zhao, Kangning and He, Dong and Fang, Suqin and Lee, TienMing and Chu, Chengjin and He, Fangliang},
doi = {10.7717/peerj.5736},
journal = {PeerJ},
month = {10},
pages = {e5736},
publisher = {PeerJ Inc.},
title = {{Comparing shade tolerance measures of woody forest species}},
url = {https://peerj.com/articles/5736},
volume = {6},
year = {2018}
}
@article{Strigul2008,
author = {Strigul, Nikolay and Pristinski, Denis and Purves, Drew and Dushoff, Jonathan and Pacala, Stephen},
doi = {10.1890/08-0082.1},
journal = {Ecological Monographs},
mendeley-tags = {2008,ppa,strigul},
month = {11},
number = {4},
pages = {523--545},
publisher = {Ecological Society of America},
title = {{Scaling from trees to forests : tractable macroscopic equations for forest dynamics}},
url = {http://www.esajournals.org/doi/abs/10.1890/08-0082.1},
volume = {78},
year = {2008}
}
@article{Lines2010,
author = {Lines, Emily R. and Coomes, David A. and Purves, Drew W.},
doi = {10.1371/journal.pone.0013212},
editor = {Hector, Andy},
journal = {PLoS ONE},
month = {10},
number = {10},
pages = {e13212},
publisher = {Public Library of Science},
title = {{Influences of Forest Structure, Climate and Species Composition on Tree Mortality across the Eastern US}},
url = {http://dx.plos.org/10.1371/journal.pone.0013212},
volume = {5},
year = {2010}
}
@article{Prasad2006,
author = {Prasad, Anantha M. and Iverson, Louis R. and Liaw, Andy},
doi = {10.1007/s10021-005-0054-1},
journal = {Ecosystems},
month = {3},
number = {2},
pages = {181--199},
publisher = {Springer-Verlag},
title = {{Newer Classification and Regression Tree Techniques: Bagging and Random Forests for Ecological Prediction}},
url = {http://link.springer.com/10.1007/s10021-005-0054-1},
volume = {9},
year = {2006}
}
@article{Kobe2006,
author = {Kobe, Richard K.},
doi = {10.1007/s00442-005-0252-8},
journal = {Oecologia},
month = {2},
number = {1},
pages = {119--133},
publisher = {Springer-Verlag},
title = {{Sapling growth as a function of light and landscape-level variation in soil water and foliar nitrogen in northern Michigan}},
url = {http://link.springer.com/10.1007/s00442-005-0252-8},
volume = {147},
year = {2006}
}
@article{Holmgren2012,
author = {Holmgren, Milena and G{\'{o}}mez-Aparicio, Lorena and Quero, Jos{\'{e}} Luis and Valladares, Fernando},
doi = {10.1007/s00442-011-2196-5},
journal = {Oecologia},
month = {6},
number = {2},
pages = {293--305},
publisher = {Springer-Verlag},
title = {{Non-linear effects of drought under shade: reconciling physiological and ecological models in plant communities}},
url = {http://link.springer.com/10.1007/s00442-011-2196-5},
volume = {169},
year = {2012}
}
@article{Pulliam2000,
author = {Pulliam, H. Ronald},
doi = {10.1046/j.1461-0248.2000.00143.x},
journal = {Ecology Letters},
month = {7},
number = {4},
pages = {349--361},
publisher = {Blackwell Science Ltd},
title = {{On the relationship between niche and distribution}},
url = {http://doi.wiley.com/10.1046/j.1461-0248.2000.00143.x},
volume = {3},
year = {2000}
}
@article{McKenney2011,
author = {McKenney, Daniel W. and Hutchinson, Michael F. and Papadopol, Pia and Lawrence, Kevin and Pedlar, John and Campbell, Kathy and Milewska, Ewa and Hopkinson, Ron F. and Price, David and Owen, Tim and McKenney, Daniel W. and Hutchinson, Michael F. and Papadopol, Pia and Lawrence, Kevin and Pedlar, John and Campbell, Kathy and Milewska, Ewa and Hopkinson, Ron F. and Price, David and Owen, Tim},
doi = {10.1175/2011BAMS3132.1},
journal = {Bulletin of the American Meteorological Society},
month = {12},
number = {12},
pages = {1611--1622},
publisher = {American Meteorological Society},
title = {{Customized Spatial Climate Models for North America}},
url = {http://journals.ametsoc.org/doi/abs/10.1175/2011BAMS3132.1},
volume = {92},
year = {2011}
}
@article{Sagarin2002,
author = {Sagarin, Raphael D. and Gaines, Steven D.},
doi = {10.1046/j.1461-0248.2002.00297.x},
journal = {Ecology Letters},
month = {1},
number = {1},
pages = {137--147},
publisher = {John Wiley {\&} Sons, Ltd (10.1111)},
title = {{The 'abundant centre' distribution: to what extent is it a biogeographical rule?}},
url = {http://doi.wiley.com/10.1046/j.1461-0248.2002.00297.x},
volume = {5},
year = {2002}
}
@article{Snyder2016,
author = {Snyder, Robin E and Ellner, Stephen P},
doi = {10.1086/686996},
journal = {The American naturalist},
month = {8},
number = {2},
pages = {E28--45},
publisher = {University of Chicago PressChicago, IL},
title = {{We Happy Few: Using Structured Population Models to Identify the Decisive Events in the Lives of Exceptional Individuals.}},
url = {https://www.journals.uchicago.edu/doi/10.1086/686996},
volume = {188},
year = {2016}
}
@article{Purves2009,
author = {Purves, Drew W},
doi = {10.1098/rspb.2008.1241},
journal = {Proceedings. Biological sciences / The Royal Society},
month = {4},
number = {1661},
pages = {1477--1484},
title = {{The demography of range boundaries versus range cores in eastern US tree species.}},
url = {http://rspb.royalsocietypublishing.org/content/276/1661/1477.abstract},
volume = {276},
year = {2009}
}
@Manual{MuMIn,
    title = {MuMIn: Multi-Model Inference},
    author = {Kamil Barto{\'{n}}},
    year = {2019},
    note = {R package version 1.43.6},
    url = {https://CRAN.R-project.org/package=MuMIn},
}
@Article{lme4,
    title = {Fitting Linear Mixed-Effects Models Using {lme4}},
    author = {Douglas Bates and Martin M{\"a}chler and Ben Bolker and Steve Walker},
    journal = {Journal of Statistical Software},
    year = {2015},
    volume = {67},
    number = {1},
    pages = {1--48},
    doi = {10.18637/jss.v067.i01},
}
@Manual{rstanarm,
    title = {rstanarm: {Bayesian} applied regression modeling via {Stan}.},
    author = {Ben Goodrich and Jonah Gabry and Imad Ali and Sam Brilleman},
    note = {R package version 2.17.4},
    year = {2018},
    url = {http://mc-stan.org/},
}
@Article{randomForest,
    title = {Classification and Regression by randomForest},
    author = {Andy Liaw and Matthew Wiener},
    journal = {R News},
    year = {2002},
    volume = {2},
    number = {3},
    pages = {18-22},
    url = {https://CRAN.R-project.org/doc/Rnews/},
}
